@MISC{turingtest,
	HOWPUBLISHED = "\url{https://www.youtube.com/watch?v=Qbp3LJvcX38}",
	AUTHOR = "Professor David Brailsford",
	TITLE = "The Turing Test - Computerphile",
	YEAR = "2015",
	NOTE = "Aufgerufen 18.9.2019"
}
@MISC{haltingproblem,
	HOWPUBLISHED = "\url{https://www.youtube.com/watch?v=macM_MtS_w4}",
	AUTHOR = "Professor Mark Jago",
	TITLE = "Turing & The Halting Problem - Computerphile",
	YEAR = "2014",
	NOTE = "Aufgerufen 18.9.2019"
}
@MISC{turingmaschine,
	HOWPUBLISHED = "\url{https://www.youtube.com/watch?v=dNRDvLACg5Q}",
	AUTHOR = "Professor Mark Jago",
	TITLE = "Turing Machines Explained - Computerphile",
	YEAR = "2014",
	NOTE = "Aufgerufen 18.9.2019"
}
@MISC{enigmaproblem1,
	HOWPUBLISHED = "\url{https://www.youtube.com/watch?v=d2NWPG2gB_A}",
	AUTHOR = "Professor David Brailsford",
	TITLE = "Turing's Enigma Problem (Part 1) - Computerphile",
	YEAR = "2014",
	NOTE = "Aufgerufen 18.9.2019"
}
@MISC{enigmaproblem1,
	HOWPUBLISHED = "\url{https://www.youtube.com/watch?v=kj_7Jc1mS9k}",
	AUTHOR = "Professor David Brailsford",
	TITLE = "Tackling Enigma (Turing's Enigma Problem Part 2) - Computerphile",
	YEAR = "2014",
	NOTE = "Aufgerufen 18.9.2019"
}
@MISC{turingcomplete,
	HOWPUBLISHED = "\url{https://www.youtube.com/watch?v=RPQD7-AOjMI}",
	AUTHOR = "Professor David Brailsford",
	TITLE = "Turing Complete - Computerphile",
	YEAR = "2014",
	NOTE = "Aufgerufen 18.9.2019"
}